<?xml version="1.0" encoding="UTF-8"?><collection xmlns="http://www.loc.gov/MARC21/slim"><record><leader>00470nam--2200157-i-4500</leader><controlfield tag="001">000040608</controlfield><controlfield tag="002">20161230</controlfield><controlfield tag="005">20170122224808</controlfield><controlfield tag="008">060222s1000------------r-----000-0-eng-d</controlfield><datafield ind1=" " ind2=" " tag="100"><subfield code="a">Schmuker, Ulrich</subfield></datafield><datafield ind1=" " ind2=" " tag="245"><subfield code="a">Gesteinsmagnetische untersuchungen und experimente an basalt des steingerges bei barlissen</subfield></datafield><datafield ind1=" " ind2=" " tag="260"><subfield code="a">Gottingen</subfield><subfield code="b">Vanderhoek</subfield><subfield code="c">1957</subfield></datafield><datafield ind1=" " ind2=" " tag="300"><subfield code="a">100 p. + 1 Pl</subfield></datafield><datafield ind1=" " ind2=" " tag="490"><subfield code="a">Abhandkungen Der Akad.Wiss.Gott</subfield></datafield><datafield ind1=" " ind2=" " tag="852"><subfield code="a">4824</subfield></datafield><datafield ind1=" " ind2=" " tag="CAT"><subfield code="a">SYS</subfield><subfield code="c">20170122</subfield><subfield code="h">224808</subfield></datafield></record></collection>